@article{metricEHP,
  author    = {P.~Erd\H{o}s and F.~Herzog and G.~Piranian},
  title     = {Metric properties of polynomials},
  journal   = {J. Analyse Math.},
  volume    = {6},
  year      = {1958},
  pages     = {125--148}
}

